<collection xmlns="http://www.loc.gov/MARC21/slim">
<record>
  <leader>00754nam0a22002051i 450 </leader>
  <controlfield tag="001">IT\ICCU\CNCE\027284</controlfield>
  <controlfield tag="005">20020321000000.0</controlfield>
  <datafield tag="100" ind1=" " ind2=" ">
    <subfield code="a">19971027d1558        0itac0103    ba</subfield>
  </datafield>
  <datafield tag="101" ind1=" " ind2=" ">
    <subfield code="a">ITA</subfield>
  </datafield>
  <datafield tag="102" ind1=" " ind2=" ">
    <subfield code="a">IT</subfield>
  </datafield>
  <datafield tag="200" ind1="1" ind2=" ">
    <subfield code="a">Lettere volgari di diuersi nobilissimi huomini et eccellentissimi ingegni, scritti in diuerse materie</subfield>
  </datafield>
  <datafield tag="210" ind1=" " ind2=" ">
    <subfield code="a">Vinegia</subfield>
    <subfield code="c">Giglio</subfield>
    <subfield code="d">1558</subfield>
  </datafield>
  <datafield tag="215" ind1=" " ind2=" ">
    <subfield code="a">266 p.</subfield>
    <subfield code="d">12ʻ</subfield>
  </datafield>
  <datafield tag="300" ind1=" " ind2=" ">
    <subfield code="a">ATTENZIONE !!!!! Doppia di 25850</subfield>
  </datafield>
  <datafield tag="620" ind1=" " ind2=" ">
    <subfield code="a">IT</subfield>
    <subfield code="d">Venezia</subfield>
  </datafield>
  <datafield tag="712" ind1="0" ind2="0">
    <subfield code="a">Giglio, Domenico</subfield>
    <subfield code="3">IT\ICCU\CNCT\000655</subfield>
    <subfield code="4">650</subfield>
  </datafield>
  <datafield tag="791" ind1="0" ind2="0">
    <subfield code="a">Lilius, Dominicus</subfield>
    <subfield code="3">IT\ICCU\CNCT\002808</subfield>
    <subfield code="z">Giglio, Domenico</subfield>
  </datafield>
  <datafield tag="791" ind1="0" ind2="0">
    <subfield code="a">Zio, Domenico</subfield>
    <subfield code="3">IT\ICCU\CNCT\003839</subfield>
    <subfield code="z">Giglio, Domenico</subfield>
  </datafield>
  <datafield tag="801" ind1=" " ind2="3">
    <subfield code="a">IT</subfield>
    <subfield code="b">ICCU</subfield>
    <subfield code="c">20201114</subfield>
  </datafield>
  <datafield tag="899" ind1=" " ind2=" ">
    <subfield code="a">Biblioteca comunale. Caronno Varesino</subfield>
    <subfield code="z">MUTILO</subfield>
    <subfield code="1">VA0038</subfield>
    <subfield code="2">ZVA 11</subfield>
  </datafield>
</record>
</collection>
